<mx:record xmlns="http://www.w3.org/TR/xhtml1/strict" xmlns:mx="http://www.loc.gov/MARC21/slim" xmlns:xsi="http://www.w3.org/2001/XMLSchema-instance"><mx:leader>00000nz   2200000n  4500</mx:leader><mx:controlfield tag="001">oca01400189 </mx:controlfield><mx:controlfield tag="005">19851001102036.4</mx:controlfield><mx:controlfield tag="008">850816n| acannaab|          |a aaa ||| c</mx:controlfield><mx:datafield ind1=" " ind2=" " tag="010"><mx:subfield code="a">n  85202845 </mx:subfield></mx:datafield><mx:datafield ind1=" " ind2=" " tag="040"><mx:subfield code="a">NjP</mx:subfield><mx:subfield code="c">DLC</mx:subfield><mx:subfield code="d">DLC</mx:subfield></mx:datafield><mx:datafield ind1="0" ind2=" " tag="100"><mx:subfield code="a">Numa Pompilius,</mx:subfield><mx:subfield code="c">King of Rome,</mx:subfield><mx:subfield code="d">fl. 715-673 B.C.</mx:subfield></mx:datafield><mx:datafield ind1="0" ind2=" " tag="400"><mx:subfield code="a">Numa,</mx:subfield><mx:subfield code="c">King of Rome,</mx:subfield><mx:subfield code="d">fl. 715-673 B.C.</mx:subfield></mx:datafield><mx:datafield ind1="0" ind2=" " tag="400"><mx:subfield code="a">Nomas,</mx:subfield><mx:subfield code="c">King of Rome,</mx:subfield><mx:subfield code="d">fl. 715-673 B.C.</mx:subfield></mx:datafield><mx:datafield ind1="0" ind2=" " tag="400"><mx:subfield code="a">Nomas Pompilios,</mx:subfield><mx:subfield code="c">King of Rome,</mx:subfield><mx:subfield code="d">fl. 715-673 B.C.</mx:subfield></mx:datafield><mx:datafield ind1=" " ind2=" " tag="670"><mx:subfield code="a">Plutarch. Le vite di Licurgo e di Numa, 1980:</mx:subfield><mx:subfield code="b">t.p. (Numa) p. 112 (Nomas) p. 344 (Nomas Pompilios)</mx:subfield></mx:datafield><mx:datafield ind1=" " ind2=" " tag="670"><mx:subfield code="a">Enc. brit. 15th ed.</mx:subfield><mx:subfield code="b">(Numa Pompilius; fl. c. 700 B.C., 2nd of 7 kings who ruled Rome before the beginning of the Republic; said to have reigned from 715-673 B.C.)</mx:subfield></mx:datafield><mx:datafield ind1=" " ind2=" " tag="670"><mx:subfield code="a">Enc. amer. 1983</mx:subfield><mx:subfield code="b">(Numa Pompilius; 2nd king of Rome; ruled 715-673 B.C.)</mx:subfield></mx:datafield><mx:datafield ind1=" " ind2=" " tag="999"><mx:subfield code="a">1422.7523</mx:subfield></mx:datafield></mx:record>